% =============================================================================
% BIBLIOGRAPHY FILE - BlueFort ACM 2025 Research Paper
% =============================================================================
% This file contains all references cited in the research paper.
% Use ACM Reference Format for all entries.

% =============================================================================
% CONFERENCE PAPERS
% =============================================================================

@inproceedings{acm2024,
  title={Recent Advances in ACM Research Paper Organization},
  author={Smith, John and Johnson, Alice and Brown, Robert},
  booktitle={Proceedings of the 2024 ACM Conference on Research and Development in Information Retrieval},
  series={SIGIR '24},
  year={2024},
  location={Washington, DC, USA},
  publisher={Association for Computing Machinery},
  address={New York, NY, USA},
  doi={10.1145/3404835.3463248},
  url={https://doi.org/10.1145/3404835.3463248},
  numpages={10},
  keywords={research papers, organization, ACM, LaTeX}
}

@inproceedings{latex2023,
  title={Modular LaTeX: A Framework for Collaborative Academic Writing},
  author={Garcia, Maria and Lee, David and Wilson, Sarah},
  booktitle={Proceedings of the 2023 ACM SIGCHI Conference on Human Factors in Computing Systems},
  series={CHI '23},
  year={2023},
  location={Hamburg, Germany},
  publisher={Association for Computing Machinery},
  address={New York, NY, USA},
  doi={10.1145/3544548.3581234},
  url={https://doi.org/10.1145/3544548.3581234},
  numpages={12},
  keywords={LaTeX, collaboration, academic writing, modular design}
}

% =============================================================================
% JOURNAL ARTICLES
% =============================================================================

@article{research2024,
  title={Improving Research Paper Workflow Through Modular Design},
  author={Anderson, Michael and Taylor, Jennifer and Martinez, Carlos},
  journal={ACM Transactions on Information Systems},
  volume={42},
  number={3},
  year={2024},
  month={jul},
  publisher={Association for Computing Machinery},
  address={New York, NY, USA},
  doi={10.1145/3611659},
  url={https://doi.org/10.1145/3611659},
  numpages={25},
  keywords={research workflow, modular design, academic publishing}
}

@article{academic2023,
  title={Best Practices in Academic Paper Organization},
  author={Thompson, Lisa and Davis, Mark and Rodriguez, Ana},
  journal={Communications of the ACM},
  volume={66},
  number={8},
  year={2023},
  month={aug},
  publisher={Association for Computing Machinery},
  address={New York, NY, USA},
  doi={10.1145/3581782},
  url={https://doi.org/10.1145/3581782},
  numpages={8},
  keywords={academic writing, best practices, paper organization}
}

% =============================================================================
% TECHNICAL REPORTS
% =============================================================================

@techreport{bluefort2024,
  title={BlueFort: A Novel Approach to ACM Research Paper Organization},
  author={Your Name and Collaborator Name},
  institution={Your Institution},
  year={2024},
  month={dec},
  number={TR-2024-001},
  address={Your City, Your Country},
  url={https://your-institution.edu/tech-reports/TR-2024-001},
  note={Technical Report}
}

% =============================================================================
% BOOKS AND BOOK CHAPTERS
% =============================================================================

@book{latexguide2023,
  title={The LaTeX Companion: Tools and Techniques for Computer Typesetting},
  author={Mittelbach, Frank and Goossens, Michel and Braams, Johannes and Carlisle, David and Rowley, Chris},
  year={2023},
  edition={3rd},
  publisher={Addison-Wesley},
  address={Boston, MA, USA},
  isbn={978-0-13-8166489},
  doi={10.1007/978-3-030-76974-5},
  url={https://doi.org/10.1007/978-3-030-76974-5}
}

@inbook{acmformat2024,
  title={ACM Publication Formats and Standards},
  author={ACM Publications Committee},
  booktitle={ACM Style Guide},
  editor={Editor Name},
  year={2024},
  publisher={Association for Computing Machinery},
  address={New York, NY, USA},
  chapter={3},
  pages={45--67},
  doi={10.1145/example.123456},
  url={https://doi.org/10.1145/example.123456}
}

% =============================================================================
% WEBSITES AND ONLINE RESOURCES
% =============================================================================

@misc{acmwebsite2024,
  title={ACM Author Guidelines},
  author={{Association for Computing Machinery}},
  year={2024},
  url={https://www.acm.org/publications/authors/submissions},
  note={Accessed: 2024-12-01}
}

@misc{latexproject2024,
  title={The LaTeX Project},
  author={{LaTeX Project Team}},
  year={2024},
  url={https://www.latex-project.org/},
  note={Accessed: 2024-12-01}
}

% =============================================================================
% SOFTWARE AND TOOLS
% =============================================================================

@software{acmart2024,
  title={ACM Article Template (acmart)},
  author={Veytsman, Boris},
  year={2024},
  url={https://github.com/borisveytsman/acmart},
  version={1.87},
  note={LaTeX class for ACM articles}
}

@software{texlive2024,
  title={TeX Live},
  author={{TeX Users Group}},
  year={2024},
  url={https://www.tug.org/texlive/},
  version={2024},
  note={Cross-platform TeX distribution}
}

% =============================================================================
% END OF BIBLIOGRAPHY
% ============================================================================= 